% This file was created with JabRef 2.10.
% Encoding: MS950_HKSCS


@Electronic{rtmaude,
  Title                    = {The Real-Time Maude Tool},
  Author                   = {Peter {\"O}lveczky},
  HowPublished             = {\url{http://heim.ifi.uio.no/peterol/RealTimeMaude/}},
  Note                     = {[Accessed: 18/08/2014]},
  Url                      = {http://heim.ifi.uio.no/peterol/RealTimeMaude/},

  Date-added               = {2014-09-11 15:13:11 +0000},
  Date-modified            = {2014-09-11 15:17:46 +0000}
}

@InCollection{raey2,
  Title                    = {Formal Modeling and Analysis of the OGDC Wireless Sensor Network Algorithm in Real-Time Maude},
  Author                   = {{\"O}lveczky, PeterCsaba and Thorvaldsen, Stian},
  Booktitle                = {Formal Methods for Open Object-Based Distributed Systems},
  Publisher                = {Springer Berlin Heidelberg},
  Year                     = {2007},
  Editor                   = {Bonsangue, MarcelloM. and Johnsen, EinarBroch},
  Pages                    = {122-140},
  Series                   = {Lecture Notes in Computer Science},
  Volume                   = {4468},

  Doi                      = {10.1007/978-3-540-72952-5_8},
  ISBN                     = {978-3-540-72919-8},
  Language                 = {English},
  Url                      = {http://dx.doi.org/10.1007/978-3-540-72952-5_8}
}

@Electronic{rtmanual,
  Title                    = {Real-Time Maude 2.3 Manual},
  Author                   = {{\"O}lveczky, Peter Csaba},
  HowPublished             = {\url{http://folk.uio.no/peterol/RealTimeMaude/intro.pdf}},
  Month                    = {August},
  Note                     = {[Accessed: 18/08/2014]},
  Url                      = {http://folk.uio.no/peterol/RealTimeMaude/intro.pdf},
  Year                     = {2007},

  Date-added               = {2014-09-11 15:41:51 +0000},
  Date-modified            = {2014-09-11 15:43:58 +0000}
}

@InCollection{olveczky2004specification,
  Title                    = {Specification and analysis of real-time systems using Real-Time Maude},
  Author                   = {{\"O}lveczky, Peter Csaba and Meseguer, Jos{\'e}},
  Booktitle                = {Fundamental Approaches to Software Engineering},
  Publisher                = {Springer},
  Year                     = {2004},
  Pages                    = {354--358},

  Date-added               = {2014-09-11 14:50:19 +0000},
  Date-modified            = {2014-09-11 14:50:19 +0000}
}

@InCollection{raey,
  Title                    = {Verifying Ptolemy II Discrete-Event Models Using Real-Time Maude},
  Author                   = {Bae, Kyungmin and {\"O}lveczky, Peter Csaba and Feng, Thomas Huining and Tripakis, Stavros},
  Booktitle                = {Formal Methods and Software Engineering},
  Publisher                = {Springer Berlin Heidelberg},
  Year                     = {2009},
  Editor                   = {Breitman, Karin and Cavalcanti, Ana},
  Pages                    = {717-736},
  Series                   = {Lecture Notes in Computer Science},
  Volume                   = {5885},

  Doi                      = {10.1007/978-3-642-10373-5_37},
  ISBN                     = {978-3-642-10372-8},
  Language                 = {English},
  Url                      = {http://dx.doi.org/10.1007/978-3-642-10373-5_37}
}

@Article{boehm1988spiral,
  Title                    = {{A spiral model of software development and enhancement}},
  Author                   = {Boehm, Barry W.},
  Journal                  = {IEEE Computer},
  Year                     = {1988},
  Number                   = {5},
  Pages                    = {61--72},
  Volume                   = {21},

  Publisher                = {IEEE}
}

@Electronic{maude,
  Title                    = {{The Maude System}},
  Author                   = {Clavel, Manuel and Dur{\'a}n, Francisco and Eker, Steven and Lincoln, Patrick and Mart{\'\i}-Oliet, Narciso and Meseguer, Jos{\'e} and Talcott, Carolyn L},
  HowPublished             = {\url{http://maude.cs.uiuc.edu}},
  Note                     = {[Accessed: 10/08/2014]},
  Url                      = {http://maude.cs.uiuc.edu},

  Date-added               = {2014-09-11 15:08:33 +0000},
  Date-modified            = {2014-09-11 16:13:12 +0000},
  Rating                   = {0}
}

@Article{clavel2007all,
  Title                    = {All About Maude-A High-Performance Logical Framework, How to Specify, Program and Verify Systems in Rewriting Logic, volume 4350 of Lecture Notes in Computer Science},
  Author                   = {Clavel, Manuel and Dur{\'a}n, Francisco and Eker, Steven and Lincoln, Patrick and Mart{\i}-Oliet, Narciso and Meseguer, Jos{\'e} and Talcott, Carolyn L},
  Journal                  = {Springer},
  Year                     = {2007},
  Pages                    = {50--88},
  Volume                   = {4},

  Date-added               = {2014-09-11 15:02:46 +0000},
  Date-modified            = {2014-09-11 15:02:46 +0000}
}

@Misc{ltlmc,
  Title                    = {{The Maude LTL Model Checker}},

  Author                   = {Steven Eker and Meseguer, Jos{\'e} and Ambarish Sridharanarayananx},
  Year                     = {2002}
}

@InProceedings{contlogic,
  Title                    = {Verification of Interlockings: from Control Tables to Ladder Logic Diagrams},
  Author                   = {Wan Fokkink and Paul Hollingshead},
  Booktitle                = {Proceedings of the 3rd Workshop on Formal Methods for Industrial Critical Systems - FMICS'98},
  Year                     = {1998}
}

@Booklet{ss,
  Title                    = {{Lecture Notes on CS-213 System Specification}},
  Author                   = {Harman, Neal and Seisenberger, Monika},
  Year                     = {2011},

  Date-added               = {2014-09-11 15:13:52 +0000},
  Date-modified            = {2014-09-11 15:24:14 +0000}
}

@Other{pjll,
  Title                    = {{SAT-based Model Checking and its
applications to Train Control Systems}},
  Author                   = {James, Phillip},
  Date-added               = {2014-09-11 15:36:29 +0000},
  Date-modified            = {2014-09-11 15:37:31 +0000},
  School                   = {Swansea University},
  Year                     = {2010}
}

@InCollection{james2014verification,
  Title                    = {Verification of solid state interlocking programs},
  Author                   = {James, Phillip and Lawrence, Andy and Moller, Faron and Roggenbach, Markus and Seisenberger, Monika and Setzer, Anton and Kanso, Karim and Chadwick, Simon},
  Booktitle                = {Software Engineering and Formal Methods},
  Publisher                = {Springer},
  Year                     = {2014},
  Pages                    = {253--268},

  Date-added               = {2014-09-11 14:58:36 +0000},
  Date-modified            = {2014-09-11 14:58:36 +0000}
}

@Article{sat,
  Title                    = {Automatically Verifying Railway Interlockings using SAT-based Model Checking},
  Author                   = {James, Phillip and Roggenbach, Markus},
  Journal                  = {10th International Workshop on Automated Verification of Critical Systems},
  Year                     = {2010},
  Volume                   = {35},

  Booktitle                = {Proceedings of the
10th International Workshop on
Automated Verification of Critical Systems},
  Owner                    = {jasonlam},
  Timestamp                = {2014.10.14}
}

@Book{kanso,
  Title                    = {Formal Verification of Ladder Logic},
  Author                   = {Kanso, K. and Swansea University. School of Physical Sciences. Computer Science},
  Publisher                = {Swansea University},
  Year                     = {2008},

  Url                      = {http://books.google.co.uk/books?id=ssJyYgEACAAJ}
}

@Other{mres,
  Title                    = {Verification of Railway Interlockings in SCADE},
  Author                   = {Lawrence, Andy},
  Date-added               = {2014-09-11 15:36:29 +0000},
  Date-modified            = {2014-09-11 15:37:31 +0000},
  School                   = {Swansea University},
  Year                     = {2010}
}

@Article{ertms,
  Title                    = {Safety and Performance of the European Rail Traffic Management System-A Modelling and Verification Exercise in Real Time Maude},
  Author                   = {Lawrence, Andy and Berger, Ulrich and Roggenbach, Markus and Seisenberger, Monika},
  Journal                  = {22nd International Workshop on Algebraic Development Techniques},
  Year                     = {2014},

  Owner                    = {jasonlam},
  Timestamp                = {2014.10.14}
}

@Electronic{washington,
  Title                    = {Metro Crash: Experts Suspect System Failure, Operator Error in Red Line Accident},
  Author                   = {Layton, Lyndsey},
  HowPublished             = {http://www.washingtonpost.com/wp-dyn/content/article/2009/06/22/AR2009062203261.html},
  Month                    = {June},
  Note                     = {[Accessed: 22/08/2014]},
  Organization             = {The Washington Post},
  Url                      = {http://www.washingtonpost.com/wp-dyn/content/article/2009/06/22/AR2009062203261.html},
  Year                     = {2009},

  Owner                    = {jasonlam},
  Timestamp                = {2014.10.14}
}

@Other{primer,
  Title                    = {Maude 2.0 Primer},
  Author                   = {Theodore McCombs},
  Date-added               = {2014-09-11 15:29:04 +0000},
  Date-modified            = {2014-09-11 15:30:42 +0000},
  HowPublished             = {\url{http://maude.cs.uiuc.edu/primer/maude-primer.pdf}},
  Month                    = {August},
  Note                     = {[Accessed: 15/08/2014]},
  Url                      = {http://maude.cs.uiuc.edu/primer/maude-primer.pdf},
  Year                     = {2003}
}

@Electronic{santiago,
  Title                    = {Driver error "only cause" of Santiago accident, says report},
  Author                   = {Puente, Fernando},
  HowPublished             = {\url{http://www.railjournal.com/index.php/europe/driver-error-only-cause-of-santiago-accident-says-report.html}},
  Month                    = {June},
  Note                     = {[Accessed: 20/08/2014]},
  Organization             = {International Railway Jornal},
  Url                      = {http://www.railjournal.com/index.php/europe/driver-error-only-cause-of-santiago-accident-says-report.html},
  Year                     = {2014},

  Owner                    = {jasonlam},
  Timestamp                = {2014.10.14}
}

@Electronic{seoul,
  Title                    = {Seoul train crash blamed on system failure},
  HowPublished             = {\url{http://www.news.com.au/world/seoul-train-crash-blamed-on-system-failure/story-fndir2ev-1226904550085}},
  Month                    = {May},
  Note                     = {[Accessed: 20/08/2014]},
  Year                     = {2014},

  Owner                    = {jasonlam},
  Timestamp                = {2014.10.14}
}

