%% This BibTeX bibliography file was created using BibDesk.
%% http://bibdesk.sourceforge.net/


%% Created for JJason at 2014-09-11 17:13:51 +0100 


%% Saved with string encoding Unicode (UTF-8) 



@electronic{rtmanual,
	Author = {{\"O}lveczky, Peter Csaba},
	Date-Added = {2014-09-11 15:41:51 +0000},
	Date-Modified = {2014-09-11 15:43:58 +0000},
	Month = {August},
	Title = {Real-Time Maude 2.3 Manual},
	Url = {http://folk.uio.no/peterol/RealTimeMaude/intro.pdf},
	Year = {2007}}

@jurthesis{mres,
	Author = {Lawrence, Andy},
	Date-Added = {2014-09-11 15:36:29 +0000},
	Date-Modified = {2014-09-11 15:37:31 +0000},
	Month = {November},
	School = {Swansea University},
	Title = {Verification of Railway Interlockings in SCADE},
	Year = {2010}}

@electronic{coq,
	Date-Added = {2014-09-11 15:32:48 +0000},
	Date-Modified = {2014-09-11 15:33:41 +0000},
	Title = {The Coq Proof Assistant},
	Url = {http://coq.inria.fr/V8.1/tutorial.html},
	Year = {2006}}

@webpage{primer,
	Author = {Theodore McCombs},
	Date-Added = {2014-09-11 15:29:04 +0000},
	Date-Modified = {2014-09-11 15:30:42 +0000},
	Month = {August},
	Title = {Maude 2.0 Primer},
	Url = {http://maude.cs.uiuc.edu/primer/maude-primer.pdf},
	Year = {2003}}

@booklet{ss,
	Author = {Harman, Neal and Seisenberger, Monika},
	Date-Added = {2014-09-11 15:13:52 +0000},
	Date-Modified = {2014-09-11 15:24:14 +0000},
	Month = {Spring},
	Title = {System Specification},
	Year = {2011}}

@electronic{rtmaude,
	Author = {Peter {\"O}lveczky},
	Date-Added = {2014-09-11 15:13:11 +0000},
	Date-Modified = {2014-09-11 15:17:46 +0000},
	Title = {The Real-Time Maude Tool},
	Url = {http://heim.ifi.uio.no/peterol/RealTimeMaude/}}

@electronic{maude,
	Author = {Clavel, Manuel and Dur{\'a}n, Francisco and Eker, Steven and Lincoln, Patrick and Mart{\'\i}-Oliet, Narciso and Meseguer, Jos{\'e} and Talcott, Carolyn L},
	Date-Added = {2014-09-11 15:08:33 +0000},
	Date-Modified = {2014-09-11 16:13:12 +0000},
	Rating = {0},
	Title = {The Maude System},
	Url = {http://maude.cs.uiuc.edu}}

@article{clavel2007all,
	Author = {Clavel, Manuel and Dur{\'a}n, Francisco and Eker, Steven and Lincoln, Patrick and Mart{\i}-Oliet, Narciso and Meseguer, Jos{\'e} and Talcott, Carolyn L},
	Date-Added = {2014-09-11 15:02:46 +0000},
	Date-Modified = {2014-09-11 15:02:46 +0000},
	Journal = {Springer},
	Pages = {50--88},
	Title = {All About Maude-A High-Performance Logical Framework, How to Specify, Program and Verify Systems in Rewriting Logic, volume 4350 of Lecture Notes in Computer Science},
	Volume = {4},
	Year = {2007}}

@incollection{james2014verification,
	Author = {James, Phillip and Lawrence, Andy and Moller, Faron and Roggenbach, Markus and Seisenberger, Monika and Setzer, Anton and Kanso, Karim and Chadwick, Simon},
	Booktitle = {Software Engineering and Formal Methods},
	Date-Added = {2014-09-11 14:58:36 +0000},
	Date-Modified = {2014-09-11 14:58:36 +0000},
	Pages = {253--268},
	Publisher = {Springer},
	Title = {Verification of solid state interlocking programs},
	Year = {2014}}

@incollection{olveczky2004specification,
	Author = {{\"O}lveczky, Peter Csaba and Meseguer, Jos{\'e}},
	Booktitle = {Fundamental Approaches to Software Engineering},
	Date-Added = {2014-09-11 14:50:19 +0000},
	Date-Modified = {2014-09-11 14:50:19 +0000},
	Pages = {354--358},
	Publisher = {Springer},
	Title = {Specification and analysis of real-time systems using Real-Time Maude},
	Year = {2004}}
